@Article{mechael,
AUTHOR = {Mechael~et~al., Patricia},
TITLE = {Capitalizing on the Characteristics of mHealth to Evaluate Its Impact.},
JOURNAL = {J Health Commun},
VOLUME = {17 Suppl 1},
YEAR = {2012},
NUMBER = {},
URL = {http://www.biomedsearch.com/nih/Capitalizing-Characteristics-mHealth-to-Evaluate/22548600.html},
PubMedID = {22548600},
ISSN = {1087-0415},
}

@Article{krisberg,
AUTHOR = {Krisberg, Kim},
TITLE = {Worldwide maternal mortality on the decline, but much more work is needed.},
JOURNAL = {The Nation's Health},
VOLUME = {40},
YEAR = {2010},
NUMBER = {9},
URL = {http://thenationshealth.aphapublications.org/content/40/9/E42.full},
}

@techreport{internews,
title = {Dadaab, Kenya - Humanitarian Communications and Information Needs Assessment Among Refugees in the Camps},
author = {Internews},
year = {2011},
institution = {Internews},
month = {08},
url = {https://www.internews.org/research-publications/dadaab-kenya-humanitarian-communications-and-information-needs-assessment-amon},
}

@techreport{berg,
author = {Berg, Matt},
year = {2007},
title = {ChildCount+ initial report},
institution = {Center for Global Health and Economic Development, Earth Institute, Columbia University}
}

@inproceedings{gonzalez2,
title = {Google Fusion Tables: Web-Centered Data Management and Collaboration},
author  = {Hector Gonzalez~et~al.},
year  = {2010},
URL = {http://www.cs.washington.edu/homes/alon/files/sigmod10.pdf},
booktitle = {Proceedings of the ACM SIGMOD conference},
}

@article{wickham,
  author =	"Hadley Wickham",
  title =	"The Split-Apply-Combine Strategy for Data Analysis",
  journal =	"Journal of Statistical Software",
  volume =	"40",
  number =	"1",
  day =  	"7",
  month =	"4",
  year = 	"2011",
  CODEN =	"JSSOBK",
  ISSN = 	"1548-7660",
  bibdate =	"2010-12-27",
  URL =  	"http://www.jstatsoft.org/v40/i01",
  accepted =	"2010-12-27",
  acknowledgement = "",
  keywords =	"",
  submitted =	"2009-09-24",
}


@inproceedings{mckinney,
title = {pandas: a Foundational Python Library for Data Analysis and Statistics},
author  = {Wes McKinney},
year  = {2011},
booktitle = {SC '11: Proceedings of 2011 International Conference for High Performance Computing, Networking, Storage and Analysis},
isbn = {978-1-4503-0771-0},
location = {Seattle, Washington},
publisher = {ACM},
address = {New York, NY, USA},
} 

@inproceedings{dimagi,
 author = {Birnbaum~et~al., Benjamin},
 title = {Automated quality control for mobile data collection},
 booktitle = {Proceedings of the 2nd ACM Symposium on Computing for Development},
 series = {ACM DEV '12},
 year = {2012},
 isbn = {978-1-4503-1262-2},
 location = {Atlanta, Georgia},
 articleno = {1},
 numpages = {10},
 url = {http://doi.acm.org/10.1145/2160601.2160603},
 doi = {10.1145/2160601.2160603},
 acmid = {2160603},
 publisher = {ACM},
 address = {New York, NY, USA},
}
